@misc{IDS2017,
  title={Introduction to data science},
  author={K. Bunte, M.F. Lungu},
  journal={Data Science},
  year={2017},
  publisher={Rijkuniversiteit Groningen}
}

@misc{Rboxplot,
  title = {{tutorialspoint} boxplots},
  howpublished = {\url{https://www.tutorialspoint.com/r/r_boxplots.htm}},
  note = {Accessed: 2017-08-31}
}